<record xmlns:xsi="http://www.w3.org/2001/XMLSchema-instance" xmlns="http://www.loc.gov/MARC21/slim" xsi:schemaLocation="http://www.loc.gov/MARC21/slim http://www.loc.gov/standards/marcxml/schema/MARC21slim.xsd">

  <leader>00468nam a2200145Ia 4500</leader>
  <datafield ind1=" " ind2=" " tag="999">
    <subfield code="c">1166</subfield>
    <subfield code="d">1166</subfield>
  </datafield>
  <controlfield tag="008">170322b1979    us ||||| |||| 00| 0deng d</controlfield>
  <datafield ind1=" " tag="090" ind2=" ">
    <subfield code="a">370.15 </subfield>
    <subfield code="b">D354e</subfield>
  </datafield>
  <datafield ind2=" " tag="100" ind1="1">
    <subfield code="a">De Lisi, Richard</subfield>
    <subfield code="9">2597</subfield>
  </datafield>
  <datafield ind1="1" tag="245" ind2="4">
    <subfield code="a">The educational implications of Piaget's theory and assessment techniques</subfield>
  </datafield>
  <datafield ind1=" " ind2=" " tag="260">
    <subfield code="a">New Jersey, Estados Unidos : </subfield>
    <subfield code="b">ERIC,</subfield>
    <subfield code="c">1979</subfield>
  </datafield>
  <datafield tag="300" ind2=" " ind1=" ">
    <subfield code="a">37 páginas</subfield>
  </datafield>
  <datafield tag="650" ind2="4" ind1="1">
    <subfield code="a">MÉTODOS PEDAGÓGICOS</subfield>
    <subfield code="9">824</subfield>
  </datafield>
  <datafield tag="650" ind2="4" ind1="1">
    <subfield code="a">PSICOLOGÍA DE LA EDUCACIÓN</subfield>
    <subfield code="9">625</subfield>
  </datafield>
  <datafield tag="942" ind2=" " ind1=" ">
    <subfield code="2">z</subfield>
    <subfield code="c">01</subfield>
  </datafield>
</record>